@article{narciss2008feedback,
  title={Feedback strategies for interactive learning tasks},
  author={Narciss, Susanne},
  journal={Handbook of research on educational communications and technology},
  volume={3},
  pages={125--144},
  year={2008}
}

@book{nkambou2010advances,
  title={Advances in intelligent tutoring systems},
  author={Nkambou, Roger and Mizoguchi, Riichiro and Bourdeau, Jacqueline},
  volume={308},
  year={2010},
  publisher={Springer Science \& Business Media}
}

@book{nwana,
title={Intelligent tutoring systems : an overview. Artificial Intelligence Review, 4(4)},
author={H. S. Nwana,},
year={1990},
pages={251--277},
}

@book{rechercheAvril2021,
author={Furlan R, Gatti M, Menè R, Shiffer D, Marchiori C, Giaj Levra A, Saturnino V, Brunetta E, Dipaola F},
title={A Natural Language Processing–Based Virtual Patient Simulator and Intelligent Tutoring System for the Clinical Diagnostic Process: Simulator Development and Case Study},
year={2021},
publisher={JMIR Med Inform 2021;9(4):e24073},
}

@inproceedings{inproceedings,
author = {Suebnukarn, Siriwan and Haddawy, Peter},
year = {2004},
month = {01},
pages = {14-21},
title = {A collaborative intelligent tutoring system for medical problem-based learning},
doi = {10.1145/964442.964447}
}

@book{iso13407,
title={La conception centrée utilisateur},
author={ergolab},
year={2004},
}

@book{ccu,
title={Conception centrée sur l’utilisateur},
author={Nicolas Roussel},
publisher={INRIA}
}
@book{guide_ui_conception,
title={Guides de conceptions d'interfaces pour les Systèmes Tutoriels Intelligents},
author={Francis BOUCHARD BOULIANNE},
year={2005},
publisher={Université de Sherbrooke}
}

@misc{ren2019fastspeech,
      title={FastSpeech: Fast, Robust and Controllable Text to Speech}, 
      author={Yi Ren and Yangjun Ruan and Xu Tan and Tao Qin and Sheng Zhao and Zhou Zhao and Tie-Yan Liu},
      year={2019},
      eprint={1905.09263},
      archivePrefix={arXiv},
      primaryClass={cs.CL}
}

@misc{oord2016wavenet,
      title={WaveNet: A Generative Model for Raw Audio}, 
      author={Aaron van den Oord and Sander Dieleman and Heiga Zen and Karen Simonyan and Oriol Vinyals and Alex Graves and Nal Kalchbrenner and Andrew Senior and Koray Kavukcuoglu},
      year={2016},
      eprint={1609.03499},
      archivePrefix={arXiv},
      primaryClass={cs.SD}
}

@inproceedings{vanlehn1996conceptual,
  title={Conceptual and meta learning during coached problem solving},
  author={VanLehn, Kurt},
  booktitle={International Conference on Intelligent Tutoring Systems},
  pages={29--47},
  year={1996},
  organization={Springer}
}